@book{clp_book,
  author    = {Thom Frühwirth and Slim Abdennadher},
  title     = {Constraint-Programmierung: Grundlagen und Anwendungen},
  year      = {1997},
  publisher = {Springer-Verlag Berlin Heidelberg}
}

@book{clp_book2,
  author = {Petra Hofstedt and Armin Wolf},
  publisher = {Springer-Verlag Berlin Heidelberg},
  title = {Einführung in die Constraint-Programmierung},
  year = {2007}
}

@book{clp_handbook,
  author = {Francesca Rossi and Peter van Beek and Toby Walsh},
  publisher = {Elsevier Science},
  title = {Handbook of Constraint Programming},
  year = {2006}
}

@article{clp92,
  title        = {Constraint satisfaction using constraint logic programming},
  author       = {Pascal Van Hentenryck and Helmut Simonis and Mehmet Dincbas},
  journal      = {Artificial Intelligence},
  volume       = {58},
  number       = {1-3},
  pages        = {113--159},
  year         = {1992},
  publisher    = {Elsevier}
}

@book{constraint_processing,
  author = {Rina Dechter},
  publisher = {Morgan Kaufmann Publishers},
  title = {Constraint Processing},
  year = {2003}
}

@techreport{seven_eleven,
  author = {Paul Pritchard and David Gries},
  institution = {Department of Computer Science, Cornell University},
  title = {The Seven-Eleven Problem},
  year = {1983},
  number = {TR 83-574}
}

@phdthesis{drt,
  author    = {Markus Triska},
  title     = {Correctness Considerations in CLP(FD) Systems},
  school    = {Technische Universität Wien},
  year      = {2013},
  type      = {Dissertation},
  address   = {Wien},
}

@inproceedings{clpfd,
author = {Markus Triska},
year = {2012},
month = {05},
pages = {307-316},
title = {The Finite Domain Constraint Solver of SWI-Prolog}
}

@online{cp-sat-primer,
  author       = {Dominik Krupke},
  organization = {Technische Universität Braunschweig},
  title        = {The CP-SAT Primer: Using and Understanding Google OR-Tools' CP-SAT Solver},
  year         = {2025},
  url          = {https://d-krupke.github.io/cpsat-primer/00_intro.html},
  urldate      = {2025-07-04}
}

@software{ortools,
  title = {OR-Tools},
  version = { v9.8 },
  author = {Laurent Perron and Vincent Furnon},
  organization = {Google},
  url = {https://developers.google.com/optimization/},
  date = { 2024-05-07 }
}

@manual{swi-clpfd-doc,
  title        = {library(clpfd): Constraint Logic Programming over Finite Domains},
  author       = {Markus Triska and Jan Wielemaker and Others},
  organization = {SWI-Prolog},
  year         = {2025},
  note         = {Online documentation, zuletzt abgerufen am 11.08.2025},
  url          = {https://www.swi-prolog.org/pldoc/man?section=clpfd},
}


@online{minizinc2024,
  title       = {MiniZinc Challenge 2024},
  author      = {MiniZinc},
  year        = {2024},
  url         = {https://www.minizinc.org/challenge/2024/},
  urldate     = {2025-08-12},
  note        = {Abgerufen am 12. August 2025; enthält offizielle Regeln, Teilnahmedaten und Ergebnisstrukturen}
}

@article{nqueens,
  author    = {Jordan Bell and Brett Stevens},
  title     = {A survey of known results and research areas for \emph{n}-queens},
  journal   = {Discrete Mathematics},
  volume    = {309},
  number    = {1},
  pages     = {1--31},
  year      = {2008},
  publisher = {Elsevier}
}

@InProceedings{perron,
  author =	{Laurent Perron and Fr\'{e}d\'{e}ric Didier and Steven Gay},
  title =	{{The CP-SAT-LP Solver}},
  booktitle =	{29th International Conference on Principles and Practice of Constraint Programming (CP 2023)},
  pages =	{3:1--3:2},
  series =	{Leibniz International Proceedings in Informatics (LIPIcs)},
  year =	{2023},
  volume =	{280},
  publisher =	{Schloss Dagstuhl -- Leibniz-Zentrum f{\"u}r Informatik},
  address =	{Dagstuhl, Germany},
  URL =		{https://drops.dagstuhl.de/entities/document/10.4230/LIPIcs.CP.2023.3},
}

@mastersthesis{marten2018,
  author       = {Adrian Marten},
  title        = {A Comparison Study of Domain Constraint Solver for Model Counting},
  school       = {Universität Passau, Fakultät für Informatik und Mathematik},
  year         = {2018},
  month        = mar,
  type         = {Masterarbeit}
}

@mastersthesis{bauer2019,
  author       = {Martin Bauer},
  title        = {A Comparison of Six Constraint Solvers for Variability Analysis},
  school       = {Universität Passau, Fakultät für Informatik und Mathematik},
  year         = {2019},
  type         = {Masterarbeit},
  month        = sep
}

@book{handbook_sat,
  author = {Joao Marques-Silva and Ines Lynce and Sharad Malik},
  publisher = {IOS Press},
  title = {Handbook of Satisfiability},
  year = {2009}
}

@article{popescu2022,
  author    = {Andrei Popescu and Seda Polat-Erdeniz and Alexander Felfernig and Mathias Uta and M{\"u}sl{\"u}m Atas and Viet-Man Le and Klaus Pils and Martin Enzelsberger and Thi Ngoc Trang Tran},
  title     = {An overview of machine learning techniques in constraint solving},
  journal   = {Journal of Intelligent Information Systems},
  year      = {2022},
  volume    = {58},
  number    = {1},
  pages     = {91-118},
  publisher = {Springer},
}
